@unpublished{mDSPS,
Author = {Utschik, Wolfgang},
Institution = {Technische Universit\"{a}t M\"{u}enchen},
Note = {Lecture Notes},
Year = {2013--2014},
Title = {Optimization in Communications Engineering}
}
