@book{bTDM,
  title={Taschenbuch der Mathematik},
  author={Bron{\v{s}}tejn, I.N. and Musiol, G.},
  isbn={9783817120079},
  year={2008},
}
