<<<<<<< HEAD
@unpublished{DNS,
=======
@unpublished{mDSPS,
>>>>>>> 8c89d03c6f8faa73250fd6ec5077cfc7937c20c8
Author = {Buss, Martin},
Institution = {Technische Universit\"{a}t M\"{u}enchen},
Note = {Skriptum},
Year = {2011--2012},
Title = {Dynamische Systeme}
}
