@unpublished{iFT,
Author = {Kramer, Gerhard},
Institution = {Technische Universit\"{a}t M\"{u}enchen},
Note = {Lecture Notes},
Year = {2013--2014},
Title = {Information Theory}
}
