@unpublished{mDSPS,
Author = {Steinbach, Eckehard},
Institution = {Technische Universit\"{a}t M\"{u}enchen},
Note = {Lecture Notes},
Year = {2013--2014},
Title = {Multidimensional Digital Signal Processing}
}
